<?xml version="1.0" encoding="UTF-8"?><collection xmlns="http://www.loc.gov/MARC21/slim"><record><leader>00483nam--2200181-i-4500</leader><controlfield tag="001">000021309</controlfield><controlfield tag="002">20161230</controlfield><controlfield tag="005">20161230201034</controlfield><controlfield tag="008">060222s1000------------r-----000-0-eng-d</controlfield><datafield ind1=" " ind2=" " tag="040"><subfield code="a">IFIN-HH</subfield></datafield><datafield ind1=" " ind2=" " tag="080"><subfield code="a">538+538</subfield></datafield><datafield ind1="1" ind2=" " tag="100"><subfield code="a">Jeans, James</subfield></datafield><datafield ind1="1" ind2="0" tag="245"><subfield code="a">The mathematical theory of electricity and magnetism</subfield><subfield code="c">James jeans</subfield></datafield><datafield ind1=" " ind2=" " tag="250"><subfield code="a">Fifth Edition</subfield></datafield><datafield ind1=" " ind2=" " tag="260"><subfield code="a">Cambridge</subfield><subfield code="b">University Press</subfield><subfield code="c">1948</subfield></datafield><datafield ind1=" " ind2=" " tag="300"><subfield code="a">VII + 652P</subfield></datafield><datafield ind1=" " ind2=" " tag="852"><subfield code="a">1225</subfield><subfield code="c">537:538</subfield></datafield><datafield ind1=" " ind2=" " tag="CAT"><subfield code="a">Sys</subfield><subfield code="c">20110607</subfield><subfield code="h">123105</subfield></datafield></record></collection>